<?xml version="1.0" encoding="UTF-8"?><collection xmlns="http://www.loc.gov/MARC21/slim"><record><leader>00602nam--2200181-i-4500</leader><controlfield tag="001">000014008</controlfield><controlfield tag="002">20161230</controlfield><controlfield tag="005">20161230201030</controlfield><controlfield tag="008">060222s1000------------r-----000-0-eng-d</controlfield><datafield ind1=" " ind2=" " tag="040"><subfield code="a">IFIN-HH</subfield></datafield><datafield ind1=" " ind2=" " tag="080"><subfield code="a">621.3(038)=20=590</subfield></datafield><datafield ind1="1" ind2=" " tag="100"><subfield code="a">Iacobescu, Stefan</subfield></datafield><datafield ind1="1" ind2="0" tag="245"><subfield code="a">Dictionar de electrotehnica, electronica, telecomunicatii, automatica si cibernetica englez-roman</subfield><subfield code="c">Stefan iacobescu, florian tomescu, octavian mateescu, bogdan tomescu, viorel buta</subfield></datafield><datafield ind1=" " ind2=" " tag="260"><subfield code="a">Bucuresti</subfield><subfield code="b">Editura Tehnica</subfield><subfield code="c">1981</subfield></datafield><datafield ind1=" " ind2=" " tag="300"><subfield code="a">989P</subfield></datafield><datafield ind1="1" ind2=" " tag="700"><subfield code="a">Buta, Viorel</subfield></datafield><datafield ind1=" " ind2=" " tag="852"><subfield code="a">D.566</subfield><subfield code="c">SLT</subfield></datafield><datafield ind1=" " ind2=" " tag="CAT"><subfield code="a">Sys</subfield><subfield code="c">20130227</subfield><subfield code="h">102118</subfield></datafield></record></collection>